<record><leader>00000cas a2200000 a 4500</leader><controlfield tag="001">37356340</controlfield><controlfield tag="008">970725d19051915oruwr ne      0    0eng c</controlfield><datafield ind1=" " ind2=" " tag="010"><subfield code="a">sn 96088075 </subfield></datafield><datafield ind1=" " ind2=" " tag="040"><subfield code="a">OCN</subfield><subfield code="b">eng</subfield><subfield code="c">OCN</subfield><subfield code="d">OCLCQ</subfield><subfield code="d">OCLCF</subfield><subfield code="d">OCLCO</subfield><subfield code="d">IUL</subfield></datafield><datafield ind1=" " ind2=" " tag="042"><subfield code="a">pcc</subfield></datafield><datafield ind1=" " ind2=" " tag="043"><subfield code="a">n-us-or</subfield></datafield><datafield ind1="0" ind2="0" tag="245"><subfield code="a">Cottage Grove leader.</subfield></datafield><datafield ind1=" " ind2=" " tag="260"><subfield code="a">Cottage Grove, Or. :</subfield><subfield code="b">Leader Pub. Co.,</subfield><subfield code="c">1905-1915.</subfield></datafield><datafield ind1=" " ind2=" " tag="300"><subfield code="a">v.</subfield></datafield><datafield ind1=" " ind2=" " tag="310"><subfield code="a">Weekly,</subfield><subfield code="b">Jan. 11, 1910-Aug. 27, 1915</subfield></datafield><datafield ind1=" " ind2=" " tag="321"><subfield code="a">Weekly,</subfield><subfield code="b">Mar. 18, 1903-Sept. 4, 1908</subfield></datafield><datafield ind1=" " ind2=" " tag="321"><subfield code="a">Semiweekly,</subfield><subfield code="b">Sept. 11, 1908-Jan. 4, 1910</subfield></datafield><datafield ind1="0" ind2=" " tag="362"><subfield code="a">Vol. 16, no. 48 (Mar. 18, 1905)-v.3, no. 44 (Aug. 27, 1915).</subfield></datafield><datafield ind1=" " ind2=" " tag="500"><subfield code="a">Some irregularities in numbering.</subfield></datafield><datafield ind1=" " ind2="0" tag="651"><subfield code="a">Cottage Grove (Or.)</subfield><subfield code="v">Newspapers.</subfield></datafield><datafield ind1=" " ind2="7" tag="651"><subfield code="a">Oregon</subfield><subfield code="z">Cottage Grove.</subfield><subfield code="2">fast</subfield><subfield code="0">(OCoLC)fst01221458</subfield></datafield><datafield ind1=" " ind2="7" tag="655"><subfield code="a">Newspapers.</subfield><subfield code="2">fast</subfield><subfield code="0">(OCoLC)fst01423814</subfield></datafield><datafield ind1=" " ind2=" " tag="752"><subfield code="a">United States</subfield><subfield code="b">Oregon</subfield><subfield code="c">Lane</subfield><subfield code="d">Cottage Grove.</subfield></datafield><datafield ind1="0" ind2="0" tag="780"><subfield code="t">Lane County leader</subfield><subfield code="w">(DLC)sn 96088076</subfield><subfield code="w">(OCoLC)37356371</subfield></datafield><datafield ind1="0" ind2="5" tag="780"><subfield code="t">Bohemia nugget</subfield><subfield code="w">(DLC)sn 96088074</subfield><subfield code="w">(OCoLC)37356316</subfield></datafield><datafield ind1="0" ind2="4" tag="785"><subfield code="t">Cottage Grove sentinel</subfield><subfield code="w">(DLC)sn 96088073</subfield><subfield code="w">(OCoLC)15498438</subfield></datafield><datafield ind1="1" ind2=" " tag="029"><subfield code="a">AU@</subfield><subfield code="b">000013408207</subfield></datafield></record>